@ONLINE {latham,
    author = {Latham, Allan},
    title  = "Steganography",
    year   = "1999",
    url    = "http://linux01.gwdg.de/ ~alatham/stego.html",
    note = "Accessed: November 05, 2016"
}

@ONLINE {DG,
    author = {DataGenetics},
    title  = "Discrete Cosine Transformations",
    year = "2012",
    url    = "http://datagenetics.com/blog/november32012/index.html",
    note = "Accessed: November 05, 2016"
}

@book{salomon,
  author    = {Salomon, David}, 
  title     = {Data Privacy and Security},
  publisher = {Springer-Verlag},
  year      = 2003,
  address   = {New York},
  edition   = 1,
  note      = {An optional note},
  isbn      = {978-1-4419-1816-1}
}

@article{Walia,
  author  = {Dr. Ekta Walia and Payal Jain and Nevdeep}, 
  title   = {An Analysis of {LSB} \& {DCT} based Steganography},
  journal = {Global Journal of Computer Science and Technology},
  year    = 2010,
  pages   = {4-8},
  month   = 4,
  note    = "Online: https://globaljournals.org/GJCST\_Volume10/gjcst\_vol10\_issue\_1\_paper8.pdf", 
  volume  = 10
}

@techreport{Nani,
  author       = {Nani Koduri}, 
  title        = {Information Security through Image Steganography using Least Significant Bit Algorithm},
  institution  = {East London University},
  address      = {London},
  note         = "Online: https://de.scribd.com/doc/48764974/Steganography-Data-hiding-using-LSB-algorithm"
}

@techreport{Irvine,
  author       = {Daniel L. Currie and Cynthia E. Irvine}, 
  title        = {Surmounting the Effects of Lossy Compression on Steganography},
  address      = {Norfolk},
  year		   = 1996, 
  note         = "Online: http://csrc.nist.gov/nissc/1996/papers/NISSC96/paper014/STEGOX.PDF"
}

@techreport{Arab,
  author       = {Al- Mustansiriyah, J. Sci.}, 
  title        = {Discrete Cosine Transform using in Hiding Image
Technique},
  institution  = {Al-Mustenesiriyh University,},
  address      = {Baghdad},
  year		   = 2011,
  note         = "Online: http://www.iasj.net/iasj?func=fulltext\&aId=72452"
}